@Article{Mani,
  author = {Ali Mani},
  title = {Analysis and Optimization of Numerical Sponge Layers as a Nonreflective Boundary Treatment},
  journal = {Journal of Computational Physics},
  year = {2012},
  volume = {231},
  pages = {704--716},
}
